@article{stc2019,
	Acmid = {1194905},
	Author = {Ando, Rie Kubota and Zhang, Tong},
	Issn = {1532-4435},
	Issue_Date = {12/1/2005},
	Journal = {Journal of Machine Learning Research},
	Month = dec,
	Numpages = {37},
	Pages = {1817--1853},
	Publisher = {JMLR.org},
	Title = {A Framework for Learning Predictive Structures from Multiple Tasks and Unlabeled Data},
	Volume = {6},
	Year = {2005}}

@inproceedings{archimob2016,
    title = "{A}rchi{M}ob - A Corpus of Spoken {S}wiss {G}erman",
    author = "Samard{\v{z}}i{\'c}, Tanja  and
      Scherrer, Yves  and
      Glaser, Elvira",
    booktitle = "Proceedings of the Tenth International Conference on Language Resources and Evaluation ({LREC}'16)",
    month = may,
    year = "2016",
    address = "Portoro{\v{z}}, Slovenia",
    publisher = "European Language Resources Association (ELRA)",
    url = "https://www.aclweb.org/anthology/L16-1641",
    pages = "4061--4066"
}
